
@article{rohrer2018, title={Thinking clearly about correlations and causation: Graphical causal models for observational data}, volume={1}, number={1}, journal={Advances in Methods and Practices in Psychological Science}, publisher={Sage}, author={Rohrer, Julia M}, year={2018}, pages={27–42} }

@book{mcelreath2020, title={Statistical rethinking: A Bayesian course with examples in R and Stan}, publisher={CRC press}, author={McElreath, Richard}, year={2020} }

@article{pearl2019, title={The seven tools of causal inference, with reflections on machine learning}, volume={62}, number={3}, journal={Communications of the ACM}, publisher={ACM}, author={Pearl, Judea}, year={2019}, pages={54–60} }
