
@article{rohrer2018,
	title = {Thinking clearly about correlations and causation: Graphical causal models for observational data},
	author = {{Rohrer}, {Julia M}},
	year = {2018},
	date = {2018},
	journal = {Advances in Methods and Practices in Psychological Science},
	pages = {27{\textendash}42},
	volume = {1},
	number = {1},
	note = {Publisher: Sage Publications Sage CA: Los Angeles, CA}
}

@book{mcelreath2020,
	title = {Statistical rethinking: A Bayesian course with examples in R and Stan},
	author = {{McElreath}, {Richard}},
	year = {2020},
	date = {2020},
	publisher = {CRC press}
}

@article{pearl2019,
	title = {The seven tools of causal inference, with reflections on machine learning},
	author = {{Pearl}, {Judea}},
	year = {2019},
	date = {2019},
	journal = {Communications of the ACM},
	pages = {54{\textendash}60},
	volume = {62},
	number = {3},
	note = {Publisher: ACM New York, NY, USA}
}
